@misc{school,
	author = "John G. Messerly, The University of Texas at Austin",
	title = "How computer games affect CS (and other) students' school performance",
	howpublished = "\url{https://dl.acm.org/doi/10.1145/971617.971639}",
}

@misc{behavior,
	author = "Delwin Clarke and P. Robert Duimering, The University of Waterloo",
	title = "How computer gamers experience the game situation: a behavioral study",
	howpublished = "\url{https://dl.acm.org/doi/10.1145/1146816.1146827}",
}

@misc{education,
	author = "Muslih Al Zahrani and Mostafa Fawzy, University of Jeddah, Saudi Arabia",
	title = "Engineering Education Gaming: Case Study of Engineering Ethics Game Modeling",
	howpublished = "\url{https://ieeexplore.ieee.org/document/9230280}",
}

@misc{empathy,
	author = "Reza Moradi Rahimabad, Mohammad Hossein Rezvani, Islamic Azad University, Qazvin, Iran",
	title = "Identifying Factors Affecting the Empathy of Players in Serious Games",
	howpublished = "\url{https://ieeexplore.ieee.org/document/9685014}",
}

@misc{problems,
	author = "Wan Ayuni Wan Rozali, Siti Hafizah Ab Hamid and Mas Idayu Md Sabri, University of Malaya, Kuala Lumpur, Malaysia",
	title = "Video games: Issues and problems",
	howpublished = "\url{https://ieeexplore.ieee.org/document/4475651}",
}

@misc{poznegsol,
	author = "Bryan Davies, Edwin Blake, University of Cape Town",
	title = "Evaluating Existing Strategies to Limit Video Game Playing Time",
	howpublished = "\url{https://ieeexplore.ieee.org/document/7426249}",
}


